<?xml version="1.0" encoding="UTF-8"?>
<record xmlns="http://www.loc.gov/MARC21/slim" xmlns:xsi="http://www.w3.org/2001/XMLSchema-instance" xsi:schemaLocation="http://www.loc.gov/MARC21/slim http://www.loc.gov/standards/marcxml/schema/MARC21slim.xsd">
<leader>00000cam a22      a 4500</leader>
<controlfield tag="001">001678754</controlfield>
<controlfield tag="003">NNU</controlfield>
<controlfield tag="005">20160106152131.0</controlfield>
<controlfield tag="008">930614s1951    ua           f000 0 ararc</controlfield>
<datafield tag="035" ind1=" " ind2=" ">
<subfield code="a">(OCoLC)28271626</subfield>
</datafield>
<datafield tag="040" ind1=" " ind2=" ">
<subfield code="a">OSU</subfield>
<subfield code="b">eng</subfield>
<subfield code="c">OSU</subfield>
<subfield code="d">OCLCQ</subfield>
<subfield code="d">IXA</subfield>
<subfield code="d">OCLCF</subfield>
<subfield code="d">OCLCA</subfield>
<subfield code="d">OCLCQ</subfield>
<subfield code="d">OCL</subfield>
</datafield>
<datafield tag="042" ind1=" " ind2=" ">
<subfield code="a">pcc</subfield>
</datafield>
<datafield tag="043" ind1=" " ind2=" ">
<subfield code="a">f-ua---</subfield>
<subfield code="a">e-uk---</subfield>
</datafield>
<datafield tag="050" ind1=" " ind2="4">
<subfield code="a">DT82.5.G7</subfield>
<subfield code="b">M28 1951</subfield>
</datafield>
<datafield tag="245" ind1="0" ind2="0">
<subfield code="6">880-01</subfield>
<subfield code="a">Maḥāḍir al-muḥādathāt al-siyāsīyah wa-al-mudhakkirāt al-mutabādalah bayna al-ḥukūmah al-Miṣrīyah wa-ḥukūmat al-Mamlakah al-Mutaḥḥidah :</subfield>
<subfield code="b">Mārs 1950-Nūfimbir 1951.</subfield>
</datafield>
<datafield tag="260" ind1=" " ind2=" ">
<subfield code="6">880-02</subfield>
<subfield code="a">al-Qāhirah :</subfield>
<subfield code="b">Wizārat al-Khārijīyah al-Malikīyah,</subfield>
<subfield code="c">1951.</subfield>
</datafield>
<datafield tag="300" ind1=" " ind2=" ">
<subfield code="a">282 pages ;</subfield>
<subfield code="c">24 cm</subfield>
</datafield>
<datafield tag="336" ind1=" " ind2=" ">
<subfield code="a">text</subfield>
<subfield code="b">txt</subfield>
<subfield code="2">rdacontent</subfield>
</datafield>
<datafield tag="337" ind1=" " ind2=" ">
<subfield code="a">unmediated</subfield>
<subfield code="b">n</subfield>
<subfield code="2">rdamedia</subfield>
</datafield>
<datafield tag="338" ind1=" " ind2=" ">
<subfield code="a">volume</subfield>
<subfield code="b">nc</subfield>
<subfield code="2">rdacarrier</subfield>
</datafield>
<datafield tag="651" ind1=" " ind2="0">
<subfield code="a">Egypt</subfield>
<subfield code="x">Foreign relations</subfield>
<subfield code="z">Great Britain</subfield>
<subfield code="v">Sources.</subfield>
</datafield>
<datafield tag="651" ind1=" " ind2="0">
<subfield code="a">Great Britain</subfield>
<subfield code="x">Foreign relations</subfield>
<subfield code="z">Egypt</subfield>
<subfield code="v">Sources.</subfield>
</datafield>
<datafield tag="650" ind1=" " ind2="7">
<subfield code="a">Diplomatic relations.</subfield>
<subfield code="2">fast</subfield>
<subfield code="0">(OCoLC)fst01907412</subfield>
</datafield>
<datafield tag="651" ind1=" " ind2="7">
<subfield code="a">Egypt.</subfield>
<subfield code="2">fast</subfield>
<subfield code="0">(OCoLC)fst01208755</subfield>
</datafield>
<datafield tag="651" ind1=" " ind2="7">
<subfield code="a">Great Britain.</subfield>
<subfield code="2">fast</subfield>
<subfield code="0">(OCoLC)fst01204623</subfield>
</datafield>
<datafield tag="655" ind1=" " ind2="7">
<subfield code="a">Sources.</subfield>
<subfield code="2">fast</subfield>
<subfield code="0">(OCoLC)fst01423900</subfield>
</datafield>
<datafield tag="880" ind1="0" ind2="0">
<subfield code="6">245-01/</subfield>
<subfield code="a">‏محاضر المحادثات السياسية والمذكرات المتبادلة بين الحكومة المصرية وحكومة المملكة المتحدة :‏</subfield>
<subfield code="b">‏مارس 1950-نوفمبر1951.</subfield>
</datafield>
<datafield tag="880" ind1=" " ind2=" ">
<subfield code="6">260-02/</subfield>
<subfield code="a">‏القاهرة :‏</subfield>
<subfield code="b">‏وزارة الخارجية الملكية،‏</subfield>
<subfield code="c">‏1951.</subfield>
</datafield>
<datafield tag="OWN" ind1=" " ind2=" ">
<subfield code="a">GENERAL</subfield>
</datafield>
<datafield tag="AVA" ind1=" " ind2=" ">
<subfield code="a">NYU50</subfield>
<subfield code="b">BOBST</subfield>
<subfield code="c">Main Collection</subfield>
<subfield code="d">DT82.5.G7 U6</subfield>
<subfield code="e">unavailable</subfield>
<subfield code="t">Unavailable</subfield>
<subfield code="f">1</subfield>
<subfield code="g">1</subfield>
<subfield code="h">N</subfield>
<subfield code="i">0</subfield>
<subfield code="j">MAIN</subfield>
<subfield code="k">0</subfield>
</datafield>
</record>
